

 @InProceedings{Gupta2005,
  author = {{a}. {Gupta} and K. Kumar and {L}. {Q}. {Raman}},
  title = {A Case for Massive Multiplayer Online Role-Playing Games},
  booktitle = {{Proceedings} of {NSDI}},
  Month = sep,
  Year = 2005}


 @InProceedings{Miller2000,
  author = {{L}. {Miller} and {R}. {Agarwal} and {B}. {Davis}},
  title = {{AltSamette}: Event-Driven, ``Smart'' Symmetries},
  booktitle = {{Proceedings} of {ASPLOS}},
  Month = aug,
  Year = 2000}
